% Use this file for citations not found in the ACL Anthology (contained in "anthology.bib").

@inproceedings{lu2022toxic,
    title = {The subtle language of exclusion: Identifying the Toxic Speech of Trans-exclusionary Radical Feminists},
    author = {Lu, Christina and Jurgens, David},
    booktitle = {Proceedings of the Sixth Workshop on Online Abuse and Harms},
    year = {2022},
    pages = {79--91},
    publisher = {Association for Computational Linguistics}
}
@inproceedings{hertzberg2022distributional,
    title = {Distributional properties of political dogwhistle representations in Swedish BERT},
    author = {Hertzberg, Niclas and Sayeed, Asad and Breitholtz, Ellen and Cooper, Robin and Lindgren, Elina and Rettenegger, Gregor and Rönnerstrand, Björn},
    booktitle = {Proceedings of the Sixth Workshop on Online Abuse and Harms},
    year = {2022},
    pages = {170--175},
    publisher = {Association for Computational Linguistics}
}
@article{elsherief2021latent,
    title = {Latent Hatred: A Benchmark for Understanding Implicit Hate Speech},
    author = {ElSherief, Mai and Ziems, Caleb and Muchlinski, David and Anupindi, Vaishnavi and Seybolt, Jordyn and De Choudhury, Munmun and Yang, Diyi},
    journal = {arXiv preprint arXiv:2109.05322},
    year = {2021},
    institution = {UC San Diego and Georgia Institute of Technology},
    email = {melsherief@ucsd.edu, {cziems, dmuchlinski3, vanupindi3, jseybolt3, munmund, dyang888}@gatech.edu}
}
@inproceedings{hoeken2023identifying,
    title = {Identifying Slurs and Lexical Hate Speech via Light-Weight Dimension Projection in Embedding Space},
    author = {Hoeken, Sanne and Zarrieß, Sina and Alaçam, Özge},
    booktitle = {Proceedings of the 13th Workshop on Computational Approaches to Subjectivity Sentiment & Social Media Analysis},
    pages = {278--289},
    year = {2023},
    publisher = {Association for Computational Linguistics},
    address = {Bielefeld, Germany},
    email = {sanne.hoeken, sina.zarriess, oezge.alacam@uni-bielefeld.de}
}
@inproceedings{mendelsohn2023dogwhistles,
    title = {From Dogwhistles to Bullhorns: Unveiling Coded Rhetoric with Language Models},
    author = {Mendelsohn, Julia and Le Bras, Ronan and Choi, Yejin and Sap, Maarten},
    booktitle = {Proceedings of the 61st Annual Meeting of the Association for Computational Linguistics},
    pages = {15162--15180},
    year = {2023},
    publisher = {Association for Computational Linguistics},
    address = {University of Michigan School of Information, Allen Institute for AI, Paul G. Allen School of Computer Science & Engineering University of Washington, Language Technologies Institute Carnegie Mellon University},
    email = {juliame@umich.edu, dogwhistles.allen.ai}
}
@inproceedings{breitfeller2019microaggressions,
    title = {Microaggressions in the Wild: A Case for Locating Elusive Phenomena in Social Media Posts},
    author = {Breitfeller, Luke M. and Ahn, Emily and Jurgens, David and Tsvetkov, Yulia},
    booktitle = {Proceedings of the 2019 Conference on Empirical Methods in Natural Language Processing},
    year = {2019},
    pages = {1664--1674},
    publisher = {Association for Computational Linguistics},
    address = {Hong Kong, China}
}
@inproceedings{magu2018determining,
    title = {Determining Code Words in Euphemistic Hate Speech Using Word Embedding Networks},
    author = {Magu, Rijul and Luo, Jiebo},
    booktitle = {Proceedings of the Second Workshop on Abusive Language Online (ALW2)},
    pages = {93--100},
    year = {2018},
    publisher = {Association for Computational Linguistics},
    address = {Brussels, Belgium}
}
@article{defersha2021detection,
    title = {Detection of Hate Speech Text in Afan Oromo Social Media using Machine Learning Approach},
    author = {Defersha, Naol Bakala and Tune, Kula Kekeba},
    journal = {Indian Journal of Science and Technology},
    volume = {14},
    number = {31},
    pages = {2567-2578},
    year = {2021},
    doi = {10.17485/IJST/v14i31.1019},
    publisher = {Indian Society for Education and Environment}
}
@article{alatawi2021detecting,
    title = {Detecting White Supremacist Hate Speech Using Domain Specific Word Embedding With Deep Learning and BERT},
    author = {Alatawi, Hind S. and Alhothali, Areej M. and Moria, Kawthar M.},
    journal = {IEEE Access},
    volume = {9},
    year = {2021},
    pages = {106363-106374},
    doi = {10.1109/ACCESS.2021.3100435},
    publisher = {IEEE}
}
@inproceedings{nangia2020crows,
    title = {CrowS-Pairs: A Challenge Dataset for Measuring Social Biases in Masked Language Models},
    author = {Nangia, Nikita and Vania, Clara and Bhalerao, Rasika and Bowman, Samuel R.},
    booktitle = {Proceedings of the 2020 Conference on Empirical Methods in Natural Language Processing},
    pages = {1953--1967},
    year = {2020},
    publisher = {Association for Computational Linguistics},
    address = {New York University, {nikitanangia, c.vania, rasikabh, bowman}@nyu.edu}
}
@inproceedings{zhou2021automated,
    title = {Challenges in Automated Debiasing for Toxic Language Detection},
    author = {Zhou, Xuhui and Sap, Maarten and Swayamdipta, Swabha and Smith, Noah A. and Choi, Yejin},
    booktitle = {Proceedings of the 16th Conference of the European Chapter of the Association for Computational Linguistics},
    pages = {3143--3155},
    year = {2021},
    publisher = {Association for Computational Linguistics},
    address = {Department of Linguistics University of Washington, Paul G. Allen School of Computer Science & Engineering University of Washington, Allen Institute for Artificial Intelligence},
    email = {xuhuizh@uw.edu, msap@cs.washington.edu, {swabhas, noah, yejinc}@allenai.org}
}
@article{almakhadmeh2020automatic,
    title = {Automatic Hate Speech Detection Using Killer Natural Language Processing Optimizing Ensemble Deep Learning Approach},
    author = {Al‑Makhadmeh, Zafer and Tolba, Amr},
    journal = {Computing},
    volume = {102},
    number = {501-522},
    year = {2020},
    doi = {10.1007/s00607-019-00745-0},
    publisher = {Springer-Verlag GmbH Austria, part of Springer Nature}
}
@article{despot2023implicit,
    title = {Somewhere Along Your Pedigree a Bitch Got Over the Wall! A Proposal of Implicitly Offensive Language Typology},
    author = {Despot, Kristina Š. and Ostroški Anić, Ana and Veale, Tony},
    journal = {Lodz Papers in Pragmatics},
    volume = {19},
    number = {2},
    pages = {385-414},
    year = {2023},
    doi = {10.1515/lpp-2023-0019},
    publisher = {De Gruyter Mouton},
    address = {Institute for the Croatian Language; UCD School of Computer Science, University College Dublin},
    email = {kristina.despot@ihjj.hr, ana.ostroski@ihjj.hr, tony.veale@ucd.ie}
}
@incollection{bhat2020covert,
  title = {Covert Hate Speech: White Nationalists and Dog Whistle Communication on Twitter},
  author = {Bhat, Prashanth and Klein, Ofra},
  booktitle = {Twitter, the Public Sphere, and the Chaos of Online Deliberation},
  editor = {Bouvier, G. and Rosenbaum, J. E.},
  chapter = {7},
  pages = {Please add page range},
  publisher = {Please add publisher},
  address = {Please add location},
  year = {2020},
  doi = {10.1007/978-3-030-41421-4_7}
}
